@article{andrieu2003introduction,
	title={An introduction to MCMC for machine learning},
	author={Andrieu, Christophe and De Freitas, Nando and Doucet, Arnaud and Jordan, Michael I},
	journal={Machine learning},
	volume={50},
	number={1-2},
	pages={5--43},
	year={2003},
	publisher={Springer}
}
@book{sorensen2007likelihood,
	title={Likelihood, Bayesian, and MCMC methods in quantitative genetics},
	author={Sorensen, Daniel and Gianola, Daniel},
	year={2007},
	publisher={Springer Science \& Business Media}
}
@article{neal2011mcmc,
	title={MCMC using Hamiltonian dynamics},
	author={Neal, Radford M and others},
	journal={Handbook of Markov Chain Monte Carlo},
	volume={2},
	number={11},
	year={2011},
	publisher={CRC Press New York, NY}
}
@book{berg2008markov,
	title={Markov chain monte carlo simulations},
	author={Berg, Bernd A and Billoire, Alain},
	year={2008},
	publisher={Wiley Online Library}
}
@article{duane1987hybrid,
	title={Hybrid monte carlo},
	author={Duane, Simon and Kennedy, Anthony D and Pendleton, Brian J and Roweth, Duncan},
	journal={Physics letters B},
	volume={195},
	number={2},
	pages={216--222},
	year={1987},
	publisher={Elsevier}
}
@article{hastings1970monte,
	title={Monte Carlo sampling methods using Markov chains and their applications},
	author={Hastings, W Keith},
	journal={Biometrika},
	volume={57},
	number={1},
	pages={97--109},
	year={1970},
	publisher={Biometrika Trust}
}
@inproceedings{wood2014new,
	title={A new approach to probabilistic programming inference},
	author={Wood, Frank and Meent, Jan Willem and Mansinghka, Vikash},
	booktitle={Artificial Intelligence and Statistics},
	pages={1024--1032},
	year={2014}
}
@inproceedings{tolpin2015probabilistic,
	title={Probabilistic programming in Anglican},
	author={Tolpin, David and van de Meent, Jan-Willem and Wood, Frank},
	booktitle={Joint European Conference on Machine Learning and Knowledge Discovery in Databases},
	pages={308--311},
	year={2015},
	organization={Springer}
}
